% Encoding: UTF-8

@InProceedings{Peng2017Building,
  author    = {\textbf{Dongliang Peng} and Guillaume Touya},
  title     = {Continuously Generalizing Buildings to Built-up Areas by Aggregating and Growing},
  booktitle = {Proc. 3rd {ACM SIGSPATIAL} Workshop on Smart Cities and Urban Analytics ({UrbanGIS})},
  year      = {2017},
  pages     = {1--8},
  address   = {Redondo Beach, CA, USA.},
  month     = nov,
  publisher = {{ACM}},
  comment   = {November 07 -- 10},
  doi       = {10.1145/3152178.3152188},
  keywords  = {keypub},
  owner     = {Dongliang},
  pagetotal = {8},
  timestamp = {2017.10.20},
}

@InProceedings{Peng2017AStar,
  author    = {\textbf{Dongliang Peng} and Wolff, Alexander and Haunert, Jan-Henrik},
  title     = {Using the {A}{$^{\!\star}$\xspace} Algorithm to Find Optimal Sequences for Area Aggregation},
  booktitle = {Proc. 28th International Cartographic Conference ({ICC}), Advances in Cartography and GIScience},
  year      = {2017},
  editor    = {Michael P. Peterson},
  series    = {Lecture Notes in Geoinformation and Cartography},
  pages     = {389--404},
  address   = {Washington DC, USA},
  month     = jul,
  publisher = {Springer},
  comment   = {July 2--7; include \usepackage{xspace}
Advances in Cartography and GIScience: Selections from the International Cartographic Conference 2017 ({ICC'}17)},
  doi       = {10.1007/978-3-319-57336-6_27},
  isbn      = {978-3-319-33783-8},
  owner     = {Dongliang},
  timestamp = {2017.04.28},
}

@InProceedings{Peng2016Admin,
  author    = {\textbf{Dongliang Peng} and Wolff, Alexander and Haunert, Jan-Henrik},
  title     = {Continuous Generalization of Administrative Boundaries Based on Compatible Triangulations},
  booktitle = {Proc. 19th {AGILE} Conference on Geographic Information Science, Geospatial Data in a Changing World},
  year      = {2016},
  keywords  = {keypub},
  editor    = {Sarjakoski, Tapani and Santos, Yasmina Maribel and Sarjakoski, Tiina L.},
  series    = {Lecture Notes in Geoinformation and Cartography},
  pages     = {399--415},
  address   = {Helsinki, Finland},
  publisher = {Springer},
  comment   = {10.1007/978-3-319-33783-8_23
June 14--17
Geospatial Data in a Changing World: Selected Papers of the 19th {AGILE} Conference on Geographic Information Science ({AGILE'16})},
  doi       = {10/c5kh},
  isbn      = {978-3-319-33783-8},
  owner     = {Dongliang},
  timestamp = {2017.04.28},
}

@Article{Deng2015,
  author    = {Min Deng and \textbf{Dongliang Peng}},
  title     = {Morphing linear features based on their entire structures},
  journal   = {Transactions in GIS},
  year      = {2015},
  volume    = {19},
  number    = {5},
  pages     = {653--677},
  doi       = {10.1111/tgis.12111},
  keywords  = {keypub},
  owner     = {Dongliang},
  timestamp = {2017.04.28},
}

@InProceedings{Peng2014DataStr,
  author    = {\textbf{Dongliang Peng} and Wolff, Alexander},
  title     = {Watch your data structures!},
  booktitle = {Proc. 22nd Annual Conference of the {GIS} Research {UK} ({GISRUK})},
  year      = {2014},
  editor    = {Jane Drummond},
  pages     = {371--381},
  address   = {Glasgow, UK},
  comment   = {April 16--18},
  confmonth = {apr},
  owner     = {Dongliang},
  timestamp = {2017.04.28},
  url       = {https://www.gla.ac.uk/media/media_401742_en.pdf},
}

@InProceedings{Peng2013Similarity,
  author    = {\textbf{Dongliang Peng} and Min Deng},
  title     = {A method of measuring shape similarity between multi-scale objects},
  booktitle = {Proc. 12th International Conference on GeoComputation},
  year      = {2013},
  address   = {Wuhan, China},
  comment   = {May 23--25},
  owner     = {Dongliang},
  pagetotal = {6},
  pages     = {1--6},
  timestamp = {2017.04.28},
  url       = {http://www.geocomputation.org/2013/papers/127.pdf},
}

@InProceedings{Peng2013LSA,
  author    = {\textbf{Dongliang Peng} and Haunert, Jan-Henrik and Wolff, Alexander and Hurter, Christophe},
  title     = {Morphing polylines based on least squares adjustment},
  booktitle = {Proc. 16th {ICA} Workshop on Generalisation and Multiple Representation ({ICAGM})},
  year      = {2013},
  month     = aug,
  comment   = {August 23--24},
  location  = {Dresden, Germany},
  owner     = {Dongliang},
  pagetotal = {10},
  pages     = {1--10},
  timestamp = {2017.04.28},
  url       = {https://kartographie.geo.tu-dresden.de/downloads/ica-gen/workshop2013/genemappro2013_submission_6.pdf},
}



@InProceedings{Peng2011Bend,
  author    = {\textbf{Dongliang Peng} and Deng, Min and Xu, Zhen and Liu, Huimin},
  title     = {A new morphing method of linear features based on bend structures},
  booktitle = {Proc. {ISPRS} Workshop on Dynamic and Multi-Dimensional GIS},
  year      = {2011},
  address   = {Shanghai, China},
  comment   = {October 17--18},
  owner     = {Dongliang},
  pagetotal = {6},
  pages     = {1--6},
  timestamp = {2017.04.28},
}

@PhdThesis{Peng2019Thesis,
  author = {\textbf{Dongliang Peng}},
  title  = {An Optimization-Based Approach for Continuous Map Generalization},
  school = {University of W\"urzburg},
  year   = {2019},
  type   = {phdthesis},
  doi    = {10.25972/WUP-978-3-95826-105-1},
  url    = {https://opus.bibliothek.uni-wuerzburg.de/frontdoor/index/index/docId/17442},
}

@Article{Peng2020AreaAgg,
  author    = {\textbf{Dongliang Peng} and Wolff, Alexander and Haunert, Jan-Henrik},
  journal   = {ACM Transactions on Spatial Algorithms and Systems},
  title     = {Finding Optimal Sequences for Area Aggregation---{A}{$^{\!\star}$\xspace} vs.\ Integer Linear Programming},
  keywords  = {keypub},
  year      = {2020},
  month     = oct,
  number    = {1},
  pages     = {1--40},
  volume    = {7},
  comment   = {Word keypub is for key publication in my cv. must do \usepackage{xspace} because we use \xspace in the title.},
  doi       = {10.1145/3409290},
  owner     = {Dongliang},
  timestamp = {2017.05.17},
}

@Article{Peng2020Parallel,
  author    = {\textbf{Dongliang Peng} and Meijers, Martijn and van Oosterom, Peter},
  title     = {Paralleling generalization operations to support smooth zooming: case study of merging area objects},
  journal   = {International Journal of Geographical Information Science},
  year      = {2020},
  keywords  = {keypub},
  Note      = {Improving for resubmitting},
  pages     = {1--26},
  owner     = {Dongliang},
  timestamp = {2017.05.17},
  url       = {https://pengdlzn.github.io/parallel-merge-ijgis/parallel_merge_ijgis.pdf},
}

@InProceedings{Peng2020ParallelICA,
  author    = {\textbf{Dongliang Peng} and Meijers, Martijn and van Oosterom, Peter},
  title     = {Paralleling generalization operations to support smooth zooming: case study of merging area objects},
  booktitle = {Proc. 23rd {ICA} Workshop on Generalisation and Multiple Representation ({ICAGM})},
  year      = {2020},
  keywords  = {keypub},  
  month     = oct,
  comment   = {November 5--6},
  location  = {Delft, The Netherlands},
  owner     = {Dongliang},
  pagetotal = {8},
  pages     = {1--8},
  timestamp = {2017.04.28},
  url       = {},
}

@InProceedings{Peng2020Viewer,
  author    = {\textbf{Dongliang Peng} and Meijers, Martijn and van Oosterom, Peter},
  title     = {Multi-layer vario-scale web map comparer with dynamic transitions and visual analytical tool},
  booktitle = {Proc. 23rd {ICA} Workshop on Generalisation and Multiple Representation ({ICAGM})},
  year      = {2020},
  month     = oct,
  comment   = {November 5--6},
  location  = {Delft, The Netherlands},
  owner     = {Dongliang},
  pagetotal = {8},
  pages     = {1--8},
  timestamp = {2017.04.28},
  url       = {},
}

@Article{Both2020Similarity,
  author    = {Alan Both and Kevin Buchin and Matt Duckham and Patrick Laube and \textbf{Dongliang Peng} and Ross S. Purves and Stef Sijben and Rodrigo I. Silveira and Yaguang Tao and Kevin Toohey},
  title     = {A Comparative analysis of trajectory similarity measures},
  journal   = {International Journal of Geographical Information Science},
  year      = {2020},
  Note      = {Under review},
  pages     = {1--26},
  owner     = {Dongliang},
  timestamp = {2017.05.17},
}

@Article{Meijers2018Framework,
  author  = {Meijers, Martijn and van Oosterom, Peter and \v{S}uba, Radan and \textbf{Dongliang Peng}},
  title   = {TOWARDS A SCALE DEPENDENT FRAMEWORK FOR CREATING VARIO-SCALE MAPS},
  journal = {ISPRS - International Archives of the Photogrammetry, Remote Sensing and Spatial Information Sciences},
  year    = {2018},
  volume  = {XLII-4},
  pages   = {425--432},
  doi     = {10.5194/isprs-archives-XLII-4-425-2018},
  url     = {https://www.int-arch-photogramm-remote-sens-spatial-inf-sci.net/XLII-4/425/2018/},
}

@Article{Peng2012RiverEn,
  author    = {\textbf{Dongliang Peng} and Min Deng and Binbin Zhao},
  title     = {Multi-scale transformation of river networks based on morphing technology},
  journal   = {Journal of Remote Sensing},
  year      = {2012},
  volume    = {16},
  number    = {5},
  pages     = {953--960},
  comment   = {invalid DOI: 10.11834/jrs.20121272},
  owner     = {Dongliang},
  timestamp = {2017.04.28},
  url       = {http://www.jors.cn/jrs/ch/reader/view_abstract.aspx?file_no=r11272&flag=1},
}

@Article{Peng2012River,
  author    = {\textbf{彭东亮} and 邓敏 and 赵彬彬},
  title     = {河网多尺度Morphing的变换方法研究},
  journal   = {遥感学报},
  year      = {2012},
  volume    = {16},
  number    = {5},
  pages     = {961--968},
  comment   = {invalid DOI: 10.11834/jrs.20121272},
  owner     = {Dongliang},
  timestamp = {2017.04.28},
  url       = {http://www.jors.cn/jrs/ch/reader/view_abstract.aspx?file_no=r11272&flag=1},
}

@Article{Zhao2010Network,
  author    = {赵玲 and 邓敏 and 王佳璆 and \textbf{彭东亮}},
  journal   = {地理与地理信息科学},
  title     = {基于复杂网络理论的城市路网结构特性分析},  
  comment   = {Structural Property Analysis of Urban Street Networks Based on Complex Network Theory, Geography and Geo-Information Science},
  year      = {2010},
  number    = {5},
  pages     = {11--15},
  volume    = {26},
  owner     = {Dongliang},
  timestamp = {2017.04.08},
  url       = {http://www.dlydlxxkx.cn/html/qkdd/2010/6521.html},  
}

@Article{Liu2011Multi,
  author    = {刘启亮 and 邓敏 and 石岩 and \textbf{彭东亮}},
  journal   = {测绘学报},
  title     = {一种基于多约束的空间聚类方法},
  comment   = {A Novel Spatial Clustering Method Based on Multi-Constraints},
  year      = {2011},
  number    = {4},
  pages     = {509--516},
  volume    = {40},
  url       = {http://xb.sinomaps.com/CN/abstract/abstract5266.shtml},
  owner     = {Dongliang},
  timestamp = {2017.04.08},
}

@Article{Liu2011Validity,
  author    = {刘启亮 and 邓敏 and \textbf{彭东亮} and 王佳璆},
  journal   = {武汉大学学报$\cdot$信息科学版},
  title     = {基于力学思想的空间聚类有效性评价},
  comment   = {Validity Assessment of Spatial Clustering Methods Based on Gravitational Theory},
  year      = {2011},
  number    = {8},
  pages     = {982--986},
  volume    = {36},
  owner     = {Dongliang},
  timestamp = {2017.04.08},
  url       = {http://ch.whu.edu.cn/article/id/623},
}

@Article{Peng2011Cluster,
  author    = {邓敏 and \textbf{彭东亮} and 刘启亮 and 石岩},
  journal   = {武汉大学学报$\cdot$信息科学版},
  title     = {一种基于场论的层次空间聚类算法},
  year      = {2011},
  number    = {7},
  pages     = {847--852},
  volume    = {36},
  owner     = {Dongliang},
  timestamp = {2017.04.08},
  url       = {http://ch.whu.edu.cn/CN/Y2011/V36/I8/982},
}

@Article{Deng2012Bend,
  author    = {邓敏 and \textbf{彭东亮} and 徐震 and 刘慧敏},
  journal   = {中南大学学报（自然科学版）},
  title     = {一种基于弯曲结构的线状要素Morphing方法},
  year      = {2012},
  number    = {7},
  pages     = {2674--2682},
  volume    = {43},
  comment   = {Journal of Central South University (Science and Technology)
				A morphing method based on bend structures for linear features},
  owner     = {Dongliang},
  timestamp = {2017.04.28},
  url       = {http://www.zndxzk.com.cn/paper/paper_30098.html},
}

@Article{Peng2013Law,
  author    = {\textbf{彭东亮} and 刘慧敏 and 邓敏 and 刘斯旸},
  journal   = {地理与地理信息科学},
  title     = {线状要素Morphing变换长度变化规律的探讨},
  comment   = {An Investigation on the Change Law of Lengths of Interpolated Linear Features in Morphing Transformation
				Geography and Geo-Information Science},
  year      = {2013},
  number    = {1},
  pages     = {22--27},
  volume    = {29},
  url       = {http://www.dlydlxxkx.cn/html/qkdd/2013/10001.html},
  owner     = {PDL},
  timestamp = {2017.03.12},
}

@Article{Peng2014Sufficiently,
  author    = {\textbf{彭东亮} and 邓敏 and 刘慧敏},
  journal   = {测绘学报},
  title     = {更充分利用独立弯曲结构的线状要素Morphing变换方法},
  comment   = {Morphing Transformation of Linear Features by Using Independent Bend Structures More Sufficiently}, 
  year      = {2014},
  number    = {6},
  pages     = {637--644},
  volume    = {43},
  doi       = {10.13485/j.cnki.11-2089.2014.0100},
  owner     = {PDL},
  timestamp = {2017.03.12},
  url       = {http://xb.sinomaps.com/CN/Y2014/V43/I6/637},
}

@Article{Wang2015Change,
  author    = {王晓密 and 赵彬彬 and 邓敏 and \textbf{彭东亮}},
  journal   = {地理与地理信息科学},
  title     = {不同比例尺地图水系目标变化探测方法研究},
  comment   = {Change Classification and Detection of Hydrographic Objects from Maps of Different Scales
				Geography and Geo-Information Science},  
  year      = {2015},
  number    = {6},
  pages     = {25--29},
  volume    = {31},
  doi       = {10.3969/j.issn.1672-0504.2015.06.005},
  owner     = {PDL},
  timestamp = {2017.03.12},
}

@Article{Peng2012BLG,
  author    = {\textbf{彭东亮} and 邓敏 and 徐枫},
  journal   = {武汉大学学报$\cdot$信息科学版},
  title     = {顾及{BLG}树结构特征的线状要素Morphing变换方法},
  year      = {2012},
  number    = {9},
  pages     = {1120--1125},
  volume    = {37},
  comment   = {\textbf{Dongliang Peng} and Min Deng and Feng Xu
Morphing linear features considering their {BLG}-tree structures
武汉大学学报$\cdot$信息科学版},
  owner     = {Dongliang},
  timestamp = {2017.04.08},
  url       = {http://ch.whu.edu.cn/article/id/330},
}

@Article{Zhao2016Inconsistencies,
  author    = {赵彬彬 and 邓敏 and \textbf{彭东亮} and 朱建军},
  journal   = {武汉大学学报$\cdot$信息科学版},
  title     = {基于整体极优对应的不同比例尺线目标一致化处理方法},
  comment   = {A Methodology of Handling Inconsistencies Between Line Objects in Multi-scale Maps Based on the Optimum Correspondence Algorithm},
  year      = {2016},
  number    = {8},
  pages     = {1046--1054},
  volume    = {41},
  doi       = {10.13203/j.whugis20140430},
  owner     = {PDL},
  timestamp = {2017.03.12},
}

@Article{Zhao2016Assimilation,
  author    = {赵彬彬 and \textbf{彭东亮} and 张山山 and 刘珊珊 and 熊旭平 and 戴全发},
  journal   = {武汉大学学报$\cdot$信息科学版},
  title     = {顾及空间关系约束的不同比例尺面目标不一致性同化处理},
  comment   = {An Assimilation Method of Inconsistency Between Area Objects at Different Scales with Respect to Spatial Relation Constraints},
  year      = {2016},
  number    = {7},
  pages     = {911--917},
  volume    = {41},
  doi       = {10.13203/j.whugis20140011},
  owner     = {PDL},
  timestamp = {2017.03.12},
  url       = {http://html.rhhz.net/WHDXXBXXKXB/html/20160709.htm},
}

@Comment{jabref-meta: databaseType:bibtex;}
